04100000         2913385580001371160116446007       01160 0000404116441 MUNICIPIO DE GLORINHA         BANRISUL                                10508201920105501054604000000        BE                                            000            
04100011R0100020 20913385580001371160116446007       01160 0000404116441 MUNICIPIO DE GLORINHA                                                                                         000105460508201900000000                                 
0410001300001P 0101160 00000404116441 4182099959          111220000000418209990508201900000000000077700000 AAN0508201930000000000000000000000000000000000000000000000000000000000000000000000000000000000000000000000418209993001029090000000000 
0410001300002Q 001000026760274091LAURI MACIEL                            EST AFONSO CORREA, 285                  RINCAO SAO JOAO94380000GLORINHA       RS0000000000000000                                        000                            
04100005         00000400000100000000000000777000000000000000000000000000000000000000000000000000000000000000000000                                                                                                                             
04199999         000001000006000000                                                                                                                                                                                                             