01REMESSA01COBRANCA       00000012562475000132FOO BAR LTDA                  237Bradesco       000000        MX0000001                                                                                                                                                                                                                                                                                     000001
10000000000000000000000005633458897850EMPRESA LTDA             000000000000000000000000000000002N           0  01          0000000000000000000002370000001N000000    0000000000000000000000000000000000000000000000000000000000000000000000000000000000                                                                                            00000000                                                            000001
9                                                                                                                                                                                                                                                                                                                                                                                                         000001