01REMESSA01COBRANCA       0000 00000000                                     237Bradesco       0000000000001                                                                                                                                                                                                                                                                                               000001
01000000000000000005633045889785 000000EMPRESA LTDA             00000000000001000                  000000000 000000    200001          0000000000000000000002370000001N000000    00000000000000000000000200000000000000000000090000000000000000000000000000000000000000000                                                                                               00000000                                                                                000001
9                                                                                                                                                                                                                                                                                                                                                                                                         000001